@inproceedings{Armendariz2020,
  title      = {{{SemEval-2020 Task}} 3: {{Graded Word Similarity}} in {{Context}}},
  shorttitle = {{{SemEval-2020 Task}} 3},
  booktitle  = {Proceedings of the {{Fourteenth Workshop}} on {{Semantic Evaluation}}},
  author     = {Armendariz, Carlos Santos and Purver, Matthew and Pollak, Senja and Ljube{\v s}i{\'c}, Nikola and Ul{\v c}ar, Matej and Vuli{\'c}, Ivan and Pilehvar, Mohammad Taher},
  editor     = {Herbelot, Aur{\'e}lie and Zhu, Xiaodan and Palmer, Alexis and Schneider, Nathan and May, Jonathan and Shutova, Ekaterina},
  year       = {2020},
  pages      = {36--49},
  publisher  = {{International Committee for Computational Linguistics}},
  address    = {{Barcelona (online)}},
  doi        = {10.18653/v1/2020.semeval-1.3},
  urldate    = {2023-11-12},
  langid     = {english}
}

@inproceedings{Armendariz2020a,
  title      = {{{CoSimLex}}: {{A Resource}} for {{Evaluating Graded Word Similarity}} in {{Context}}},
  shorttitle = {{{CoSimLex}}},
  booktitle  = {Proceedings of the {{Twelfth Language Resources}} and {{Evaluation Conference}}},
  author     = {Armendariz, Carlos Santos and Purver, Matthew and Ul{\v c}ar, Matej and Pollak, Senja and Ljube{\v s}i{\'c}, Nikola and {Granroth-Wilding}, Mark},
  editor     = {Calzolari, Nicoletta and B{\'e}chet, Fr{\'e}d{\'e}ric and Blache, Philippe and Choukri, Khalid and Cieri, Christopher and Declerck, Thierry and Goggi, Sara and Isahara, Hitoshi and Maegaard, Bente and Mariani, Joseph and Mazo, H{\'e}l{\`e}ne and Moreno, Asuncion and Odijk, Jan and Piperidis, Stelios},
  year       = {2020},
  month      = may,
  pages      = {5878--5886},
  publisher  = {{European Language Resources Association}},
  address    = {{Marseille, France}},
  urldate    = {2023-12-18},
  isbn       = {979-10-95546-34-4},
  langid     = {english}
}

@inproceedings{Arora2020,
  title      = {Contextual {{Embeddings}}: {{When Are They Worth It}}?},
  shorttitle = {Contextual {{Embeddings}}},
  booktitle  = {Proceedings of the 58th {{Annual Meeting}} of the {{Association}} for {{Computational Linguistics}}},
  author     = {Arora, Simran and May, Avner and Zhang, Jian and R{\'e}, Christopher},
  editor     = {Jurafsky, Dan and Chai, Joyce and Schluter, Natalie and Tetreault, Joel},
  year       = {2020},
  month      = jul,
  pages      = {2650--2663},
  publisher  = {{Association for Computational Linguistics}},
  address    = {{Online}},
  doi        = {10.18653/v1/2020.acl-main.236},
  urldate    = {2023-12-12}
}

@inproceedings{Baroni2014a,
  title     = {Don't {{Count}}, {{Predict}}! {{A Systematic Comparison}} of {{Context-Counting}} vs. {{Context-Predicting Semantic Vectors}}},
  booktitle = {Proceedings of the 52nd {{Annual Meeting}} of the {{Association}} for {{Computational Linguistics}} ({{Volume}} 1: {{Long Papers}})},
  author    = {Baroni, Marco and Dinu, Georgiana and Kruszewski, Germ{\'a}n},
  year      = {2014},
  month     = jun,
  pages     = {238--247},
  publisher = {{Association for Computational Linguistics}},
  address   = {{Baltimore, MD}},
  doi       = {10.3115/v1/P14-1023},
  urldate   = {2023-10-24}
}

@inproceedings{Batchkarov2016,
  title     = {A {{Critique}} of {{Word Similarity}} as a {{Method}} for {{Evaluating Distributional Semantic Models}}},
  booktitle = {Proceedings of the 1st {{Workshop}} on {{Evaluating Vector-Space Representations}} for {{NLP}}},
  author    = {Batchkarov, Miroslav and Kober, Thomas and Reffin, Jeremy and Weeds, Julie and Weir, David},
  year      = {2016},
  month     = aug,
  pages     = {7--12},
  publisher = {{Association for Computational Linguistics}},
  address   = {{Berlin, Germany}},
  doi       = {10.18653/v1/W16-2502}
}

@article{Boleda2016,
  title      = {Formal {{Distributional Semantics}}: {{Introduction}} to the {{Special Issue}}},
  shorttitle = {Formal {{Distributional Semantics}}},
  author     = {Boleda, Gemma and Herbelot, Aur{\'e}lie},
  year       = {2016},
  month      = dec,
  journal    = {Computational Linguistics},
  volume     = {42},
  number     = {4},
  pages      = {619--635},
  doi        = {10.1162/COLI_a_00261}
}

@article{Boleda2020,
  title   = {Distributional {{Semantics}} and {{Linguistic Theory}}},
  author  = {Boleda, Gemma},
  year    = {2020},
  month   = jan,
  journal = {Annual Review of Linguistics},
  volume  = {6},
  number  = {1},
  pages   = {213--234},
  issn    = {2333-9683, 2333-9691},
  doi     = {10.1146/annurev-linguistics-011619-030303}
}

@inproceedings{Bommasani2020,
  title     = {Interpreting {{Pretrained Contextualized Representations}} via {{Reductions}} to {{Static Embeddings}}},
  booktitle = {Proceedings of the 58th {{Annual Meeting}} of the {{Association}} for {{Computational Linguistics}}},
  author    = {Bommasani, Rishi and Davis, Kelly and Cardie, Claire},
  editor    = {Jurafsky, Dan and Chai, Joyce and Schluter, Natalie and Tetreault, Joel},
  year      = {2020},
  month     = jul,
  pages     = {4758--4781},
  publisher = {{Association for Computational Linguistics}},
  address   = {{Online}},
  doi       = {10.18653/v1/2020.acl-main.431},
  urldate   = {2023-12-12}
}

@misc{Bommasani2022,
  title         = {On the {{Opportunities}} and {{Risks}} of {{Foundation Models}}},
  author        = {Bommasani, Rishi and Hudson, Drew A. and Adeli, Ehsan and Altman, Russ and Arora, Simran and {von Arx}, Sydney and Bernstein, Michael S. and Bohg, Jeannette and Bosselut, Antoine and Brunskill, Emma and Brynjolfsson, Erik and Buch, Shyamal and Card, Dallas and Castellon, Rodrigo and Chatterji, Niladri and Chen, Annie and Creel, Kathleen and Davis, Jared Quincy and Demszky, Dora and Donahue, Chris and Doumbouya, Moussa and Durmus, Esin and Ermon, Stefano and Etchemendy, John and Ethayarajh, Kawin and {Fei-Fei}, Li and Finn, Chelsea and Gale, Trevor and Gillespie, Lauren and Goel, Karan and Goodman, Noah and Grossman, Shelby and Guha, Neel and Hashimoto, Tatsunori and Henderson, Peter and Hewitt, John and Ho, Daniel E. and Hong, Jenny and Hsu, Kyle and Huang, Jing and Icard, Thomas and Jain, Saahil and Jurafsky, Dan and Kalluri, Pratyusha and Karamcheti, Siddharth and Keeling, Geoff and Khani, Fereshte and Khattab, Omar and Koh, Pang Wei and Krass, Mark and Krishna, Ranjay and Kuditipudi, Rohith and Kumar, Ananya and Ladhak, Faisal and Lee, Mina and Lee, Tony and Leskovec, Jure and Levent, Isabelle and Li, Xiang Lisa and Li, Xuechen and Ma, Tengyu and Malik, Ali and Manning, Christopher D. and Mirchandani, Suvir and Mitchell, Eric and Munyikwa, Zanele and Nair, Suraj and Narayan, Avanika and Narayanan, Deepak and Newman, Ben and Nie, Allen and Niebles, Juan Carlos and Nilforoshan, Hamed and Nyarko, Julian and Ogut, Giray and Orr, Laurel and Papadimitriou, Isabel and Park, Joon Sung and Piech, Chris and Portelance, Eva and Potts, Christopher and Raghunathan, Aditi and Reich, Rob and Ren, Hongyu and Rong, Frieda and Roohani, Yusuf and Ruiz, Camilo and Ryan, Jack and R{\'e}, Christopher and Sadigh, Dorsa and Sagawa, Shiori and Santhanam, Keshav and Shih, Andy and Srinivasan, Krishnan and Tamkin, Alex and Taori, Rohan and Thomas, Armin W. and Tram{\`e}r, Florian and Wang, Rose E. and Wang, William and Wu, Bohan and Wu, Jiajun and Wu, Yuhuai and Xie, Sang Michael and Yasunaga, Michihiro and You, Jiaxuan and Zaharia, Matei and Zhang, Michael and Zhang, Tianyi and Zhang, Xikun and Zhang, Yuhui and Zheng, Lucia and Zhou, Kaitlyn and Liang, Percy},
  year          = {2022},
  month         = jul,
  number        = {arXiv:2108.07258},
  eprint        = {2108.07258},
  publisher     = {{arXiv}},
  url           = {http://arxiv.org/abs/2108.07258},
  urldate       = {2023-10-06},
  archiveprefix = {arxiv},
  langid        = {english}
}

@inproceedings{Brunner2019,
  title     = {On {{Identifiability}} in {{Transformers}}},
  booktitle = {The {{Eighth International Conference}} on {{Learning Representations}}},
  author    = {Brunner, Gino and Liu, Yang and Pascual, Damian and Richter, Oliver and Ciaramita, Massimiliano and Wattenhofer, Roger},
  year      = {2019},
  month     = sep,
  address   = {{Addis Ababa, Ethiopia}},
  url       = {https://openreview.net/pdf?id=BJg1f6EFDB},
  urldate   = {2023-12-18},
  langid    = {english}
}

@incollection{Clark2015,
  title     = {Vector {{Space Models}} of {{Lexical Meaning}}},
  booktitle = {The {{Handbook}} of {{Contemporary Semantic Theory}}},
  author    = {Clark, Stephen},
  editor    = {Lappin, Shalom and Fox, Chris},
  year      = {2015},
  series    = {Blackwell {{Handbooks}} in {{Linguistics}}},
  edition   = {2},
  pages     = {493--522},
  publisher = {{John Wiley \& Sons}},
  address   = {{Chichester, UK}},
  urldate   = {2023-12-08},
  isbn      = {978-1-118-88213-9},
  langid    = {english}
}

@inproceedings{CostellaPessutto2020,
  title      = {{{BabelEnconding}} at {{SemEval-2020 Task}} 3: {{Contextual Similarity}} as a {{Combination}} of {{Multilingualism}} and {{Language Models}}},
  shorttitle = {{{BabelEnconding}} at {{SemEval-2020 Task}} 3},
  booktitle  = {Proceedings of the {{Fourteenth Workshop}} on {{Semantic Evaluation}}},
  author     = {Costella Pessutto, Lucas Rafael and {de Melo}, Tiago and Moreira, Viviane P. and {da Silva}, Altigran},
  editor     = {Herbelot, Aur{\'e}lie and Zhu, Xiaodan and Palmer, Alexis and Schneider, Nathan and May, Jonathan and Shutova, Ekaterina},
  year       = {2020},
  month      = dec,
  pages      = {59--66},
  publisher  = {{International Committee for Computational Linguistics}},
  address    = {{Barcelona (online)}},
  doi        = {10.18653/v1/2020.semeval-1.5},
  urldate    = {2023-12-18}
}

@inproceedings{DeDeyne2016,
  title      = {Predicting {{Human Similarity Judgments With Distributional Models}}: {{The Value}} of {{Word Associations}}},
  shorttitle = {Predicting {{Human Similarity Judgments}} with {{Distributional Models}}},
  booktitle  = {Proceedings of {{COLING}} 2016, the 26th {{International Conference}} on {{Computational Linguistics}}: {{Technical Papers}}},
  author     = {De Deyne, Simon and Perfors, Amy and Navarro, Daniel J},
  editor     = {Matsumoto, Yuji and Prasad, Rashmi},
  year       = {2016},
  month      = dec,
  pages      = {1861--1870},
  publisher  = {{The COLING 2016 Organizing Committee}},
  address    = {{Osaka, Japan}},
  urldate    = {2023-12-26}
}

@article{Deerwester1990,
  title     = {Indexing by {{Latent Semantic Analysis}}},
  author    = {Deerwester, Scott and Dumais, Susan T. and Furnas, George W. and Landauer, Thomas K. and Harshman, Richard},
  year      = {1990},
  journal   = {Journal of the American Society for Information Science},
  volume    = {41},
  number    = {6},
  pages     = {391--407},
  issn      = {1097-4571},
  doi       = {10.1002/(SICI)1097-4571(199009)41:6<391::AID-ASI1>3.0.CO;2-9},
  copyright = {Copyright {\textcopyright} 1990 John Wiley \& Sons, Inc.},
  langid    = {english}
}

@article{Demsar2006,
  title   = {Statistical {{Comparisons}} of {{Classifiers Over Multiple Data Sets}}},
  author  = {Dem{\v s}ar, Janez},
  year    = {2006},
  month   = dec,
  journal = {The Journal of Machine Learning Research},
  volume  = {7},
  pages   = {1--30},
  issn    = {1532-4435}
}

@inproceedings{Devlin2019,
  title      = {{{BERT}}: {{Pre-Training}} of {{Deep Bidirectional Transformers}} for {{Language Understanding}}},
  shorttitle = {{{BERT}}},
  booktitle  = {Proceedings of the 2019 {{Conference}} of the {{North American Chapter}} of the {{Association}} for {{Computational Linguistics}}: {{Human Language Technologies}}, {{Volume}} 1 ({{Long}} and {{Short Papers}})},
  author     = {Devlin, Jacob and Chang, Ming-Wei and Lee, Kenton and Toutanova, Kristina},
  editor     = {Burstein, Jill and Doran, Christy and Solorio, Thamar},
  year       = {2019},
  month      = jun,
  pages      = {4171--4186},
  publisher  = {{Association for Computational Linguistics}},
  address    = {{Minneapolis, MN}},
  doi        = {10.18653/v1/N19-1423},
  urldate    = {2023-12-01}
}

@article{Elekes2020,
  title   = {Toward {{Meaningful Notions}} of {{Similarity}} in {{NLP Embedding Models}}},
  author  = {Elekes, {\'A}bel and Englhardt, Adrian and Sch{\"a}ler, Martin and B{\"o}hm, Klemens},
  year    = {2020},
  month   = jun,
  journal = {International Journal on Digital Libraries},
  volume  = {21},
  number  = {2},
  pages   = {109--128},
  issn    = {1432-1300},
  doi     = {10.1007/s00799-018-0237-y},
  urldate = {2023-12-26},
  langid  = {english}
}

@article{Erk2012,
  title      = {Vector {{Space Models}} of {{Word Meaning}} and {{Phrase Meaning}}: {{A Survey}}},
  shorttitle = {Vector {{Space Models}} of {{Word Meaning}} and {{Phrase Meaning}}},
  author     = {Erk, Katrin},
  year       = {2012},
  journal    = {Language and Linguistics Compass},
  volume     = {6},
  number     = {10},
  pages      = {635--653},
  issn       = {1749-818X},
  doi        = {10.1002/lnco.362},
  urldate    = {2023-11-17},
  langid     = {english}
}

@inproceedings{Ethayarajh2019,
  title      = {How {{Contextual}} are {{Contextualized Word Representations}}? {{Comparing}} the {{Geometry}} of {{BERT}}, {{ELMo}}, and {{GPT-2 Embeddings}}},
  shorttitle = {How {{Contextual}} are {{Contextualized Word Representations}}?},
  booktitle  = {Proceedings of the 2019 {{Conference}} on {{Empirical Methods}} in {{Natural Language Processing}} and the 9th {{International Joint Conference}} on {{Natural Language Processing}} ({{EMNLP-IJCNLP}})},
  author     = {Ethayarajh, Kawin},
  editor     = {Inui, Kentaro and Jiang, Jing and Ng, Vincent and Wan, Xiaojun},
  year       = {2019},
  month      = nov,
  pages      = {55--65},
  publisher  = {{Association for Computational Linguistics}},
  address    = {{Hong Kong, China}},
  doi        = {10.18653/v1/D19-1006},
  urldate    = {2023-11-13}
}

@book{Frege1960,
  title      = {The {{Foundations}} of {{Arithmetic}}: {{A Logico-Mathematical Enquiry Into}} the {{Concept}} of {{Number}}},
  shorttitle = {The {{Foundations}} of {{Arithmetic}}},
  author     = {Frege, Gottlob},
  translator = {Austin, J. L.},
  year       = {1960},
  edition    = {2},
  publisher  = {{Harper \& Brothers}},
  address    = {{New York, NY}},
  langid     = {english},
  lccn       = {QA9 .F7514 1980}
}

@inproceedings{Gamallo2020,
  title      = {{{CitiusNLP}} at {{SemEval-2020 Task}} 3: {{Comparing Two Approaches}} for {{Word Vector Contextualization}}},
  shorttitle = {{{CitiusNLP}} at {{SemEval-2020 Task}} 3},
  booktitle  = {Proceedings of the {{Fourteenth Workshop}} on {{Semantic Evaluation}}},
  author     = {Gamallo, Pablo},
  editor     = {Herbelot, Aur{\'e}lie and Zhu, Xiaodan and Palmer, Alexis and Schneider, Nathan and May, Jonathan and Shutova, Ekaterina},
  year       = {2020},
  month      = dec,
  pages      = {275--280},
  publisher  = {{International Committee for Computational Linguistics}},
  address    = {{Barcelona (online)}},
  doi        = {10.18653/v1/2020.semeval-1.34},
  urldate    = {2023-11-12}
}

@article{Gunther2019,
  title      = {Vector-{{Space Models}} of {{Semantic Representation From}} a {{Cognitive Perspective}}: {{A Discussion}} of {{Common Misconceptions}}},
  shorttitle = {Vector-{{Space Models}} of {{Semantic Representation From}} a {{Cognitive Perspective}}},
  author     = {G{\"u}nther, Fritz and Rinaldi, Luca and Marelli, Marco},
  year       = {2019},
  month      = nov,
  journal    = {Perspectives on Psychological Science: A Journal of the Association for Psychological Science},
  volume     = {14},
  number     = {6},
  pages      = {1006--1033},
  issn       = {1745-6924},
  doi        = {10.1177/1745691619861372}
}

@inproceedings{Gupta2019,
  title     = {Better {{Word Embeddings}} by {{Disentangling Contextual}} n-{{Gram Information}}},
  booktitle = {Proceedings of the 2019 {{Conference}} of the {{North American Chapter}} of the {{Association}} for {{Computational Linguistics}}: {{Human Language Technologies}}, {{Volume}} 1 ({{Long}} and {{Short Papers}})},
  author    = {Gupta, Prakhar and Pagliardini, Matteo and Jaggi, Martin},
  editor    = {Burstein, Jill and Doran, Christy and Solorio, Thamar},
  year      = {2019},
  month     = jun,
  pages     = {933--939},
  publisher = {{Association for Computational Linguistics}},
  address   = {{Minneapolis, MN}},
  doi       = {10.18653/v1/N19-1098},
  urldate   = {2023-12-18}
}

@inproceedings{Hettiarachchi2020,
  title      = {{{BRUMS}} at {{SemEval-2020 Task}} 3: {{Contextualised Embeddings}} for {{Predicting}} the ({{Graded}}) {{Effect}} of {{Context}} in {{Word Similarity}}},
  shorttitle = {{{BRUMS}} at {{SemEval-2020 Task}} 3},
  booktitle  = {Proceedings of the {{Fourteenth Workshop}} on {{Semantic Evaluation}}},
  author     = {Hettiarachchi, Hansi and Ranasinghe, Tharindu},
  editor     = {Herbelot, Aur{\'e}lie and Zhu, Xiaodan and Palmer, Alexis and Schneider, Nathan and May, Jonathan and Shutova, Ekaterina},
  year       = {2020},
  month      = dec,
  pages      = {142--149},
  publisher  = {{International Committee for Computational Linguistics}},
  address    = {{Barcelona (online)}},
  doi        = {10.18653/v1/2020.semeval-1.16},
  urldate    = {2023-12-18}
}

@article{Hill2015,
  title      = {{{SimLex-999}}: {{Evaluating Semantic Models With}} ({{Genuine}}) {{Similarity Estimation}}},
  shorttitle = {{{SimLex-999}}},
  author     = {Hill, Felix and Reichart, Roi and Korhonen, Anna},
  year       = {2015},
  month      = dec,
  journal    = {Computational Linguistics},
  volume     = {41},
  number     = {4},
  pages      = {665--695},
  issn       = {0891-2017, 1530-9312},
  doi        = {10.1162/COLI_a_00237},
  urldate    = {2023-01-23}
}

@article{Kintsch2001,
  title   = {Predication},
  author  = {Kintsch, Walter},
  year    = {2001},
  month   = mar,
  journal = {Cognitive Science},
  volume  = {25},
  number  = {2},
  pages   = {173--202},
  issn    = {1551-6709},
  doi     = {10.1207/s15516709cog2502_1},
  urldate = {2023-01-24}
}

@misc{Lai2023,
  title     = {imgarylai/bert-embedding},
  author    = {Lai, Gary},
  year      = {2023},
  month     = nov,
  url       = {https://github.com/imgarylai/bert-embedding},
  urldate   = {2023-12-18},
  copyright = {Apache-2.0}
}

@article{Landauer1997,
  title      = {A {{Solution}} to {{Plato}}'s {{Problem}}: {{The Latent Semantic Analysis Theory}} of {{Acquisition}}, {{Induction}}, and {{Representation}} of {{Knowledge}}},
  shorttitle = {A {{Solution}} to {{Plato}}'s {{Problem}}},
  author     = {Landauer, Thomas K. and Dumais, Susan T.},
  year       = {1997},
  month      = apr,
  journal    = {Psychological Review},
  volume     = {104},
  number     = {2},
  pages      = {211--240},
  issn       = {1939-1471, 0033-295X},
  doi        = {10.1037/0033-295X.104.2.211}
}

@article{Lenci2022,
  title   = {A {{Comparative Evaluation}} and {{Analysis}} of {{Three Generations}} of {{Distributional Semantic Models}}},
  author  = {Lenci, Alessandro and Sahlgren, Magnus and Jeuniaux, Patrick and Cuba Gyllensten, Amaru and Miliani, Martina},
  year    = {2022},
  month   = dec,
  journal = {Language Resources and Evaluation},
  volume  = {56},
  number  = {4},
  pages   = {1269--1313},
  issn    = {1574-0218},
  doi     = {10.1007/s10579-021-09575-z},
  urldate = {2024-01-02},
  langid  = {english}
}

@misc{Liu2020,
  title     = {A {{Survey}} on {{Contextual Embeddings}}},
  author    = {Liu, Qi and Kusner, Matt J. and Blunsom, Phil},
  year      = {2020},
  month     = apr,
  publisher = {{arXiv}},
  url       = {http://arxiv.org/abs/2003.07278},
  urldate   = {2023-01-28}
}

@inproceedings{Ljubesic2021,
  title     = {{{BERTi{\'c}}} - {{The Transformer Language Model}} for {{Bosnian}}, {{Croatian}}, {{Montenegrin}} and {{Serbian}}},
  booktitle = {Proceedings of the 8th {{Workshop}} on {{Balto-Slavic Natural Language Processing}}},
  author    = {Ljube{\v s}i{\'c}, Nikola and Lauc, Davor},
  editor    = {Babych, Bogdan and Kanishcheva, Olga and Nakov, Preslav and Piskorski, Jakub and Pivovarova, Lidia and Starko, Vasyl and Steinberger, Josef and Yangarber, Roman and Marci{\'n}czuk, Micha{\textbackslash}l and Pollak, Senja and P{\v r}ib{\'a}{\v n}, Pavel and {Robnik-{\v S}ikonja}, Marko},
  year      = {2021},
  month     = apr,
  pages     = {37--42},
  publisher = {{Association for Computational Linguistics}},
  address   = {{Kyiv, Ukraine}},
  urldate   = {2023-12-14}
}

@inproceedings{Mikolov2013,
  title     = {Efficient {{Estimation}} of {{Word Representations}} in {{Vector Space}}},
  booktitle = {1st {{International Conference}} on {{Learning Representations}}, {{ICLR}} 2013, {{Workshop Track Proceedings}}},
  author    = {Mikolov, Tom{\'a}{\v s} and Chen, Kai and Corrado, Greg and Dean, Jeffrey},
  editor    = {Bengio, Yoshua and LeCun, Yann},
  year      = {2013},
  month     = may,
  address   = {{Scottsdale, AZ}},
  urldate   = {2023-12-18}
}

@inproceedings{Mikolov2013a,
  title     = {Distributed {{Representations}} of {{Words}} and {{Phrases}} and {{Their Compositionality}}},
  booktitle = {Advances in {{Neural Information Processing Systems}} 26 ({{NIPS}} 2013)},
  author    = {Mikolov, Tom{\'a}{\v s} and Sutskever, Ilya and Chen, Kai and Corrado, Gregory S. and Dean, Jeffrey},
  editor    = {Burges, Christopher J. C. and Bottou, L{\'e}on and Ghahramani, Zoubin and Weinberger, Kilian Q.},
  year      = {2013},
  volume    = {26},
  pages     = {3111--3119},
  publisher = {{Curran Associates}},
  address   = {{Lake Tahoe, NV}},
  urldate   = {2024-01-09}
}

@inproceedings{Milajevs2014,
  title     = {Evaluating {{Neural Word Representations}} in {{Tensor-Based Compositional Settings}}},
  booktitle = {Proceedings of the 2014 {{Conference}} on {{Empirical Methods}} in {{Natural Language Processing}} ({{EMNLP}})},
  author    = {Milajevs, Dmitrijs and Kartsaklis, Dimitri and Sadrzadeh, Mehrnoosh and Purver, Matthew},
  editor    = {Moschitti, Alessandro and Pang, Bo and Daelemans, Walter},
  year      = {2014},
  month     = oct,
  pages     = {708--719},
  publisher = {{Association for Computational Linguistics}},
  address   = {{Doha, Qatar}},
  doi       = {10.3115/v1/D14-1079},
  urldate   = {2024-01-08}
}

@inproceedings{Mitchell2008,
  title     = {Vector-{{Based Models}} of {{Semantic Composition}}},
  booktitle = {Proceedings of {{ACL-08}}: {{HLT}}},
  author    = {Mitchell, Jeff and Lapata, Mirella},
  editor    = {Moore, Johanna D. and Teufel, Simone and Allan, James and Furui, Sadaoki},
  year      = {2008},
  month     = jun,
  pages     = {236--244},
  publisher = {{Association for Computational Linguistics}},
  address   = {{Columbus, OH}},
  urldate   = {2023-12-18}
}

@inproceedings{Pado2003,
  title     = {Constructing {{Semantic Space Models}} from {{Parsed Corpora}}},
  booktitle = {Proceedings of the 41st {{Annual Meeting}} of the {{Association}} for {{Computational Linguistics}}},
  author    = {Pad{\'o}, Sebastian and Lapata, Mirella},
  year      = {2003},
  month     = jul,
  pages     = {128--135},
  publisher = {{Association for Computational Linguistics}},
  address   = {{Sapporo, Japan}},
  doi       = {10.3115/1075096.1075113},
  urldate   = {2023-12-03}
}

@inproceedings{Peters2018a,
  title     = {Deep {{Contextualized Word Representations}}},
  booktitle = {Proceedings of the 2018 {{Conference}} of the {{North American Chapter}} of the {{Association}} for {{Computational Linguistics}}: {{Human Language Technologies}}, {{Volume}} 1 ({{Long Papers}})},
  author    = {Peters, Matthew E. and Neumann, Mark and Iyyer, Mohit and Gardner, Matt and Clark, Christopher and Lee, Kenton and Zettlemoyer, Luke},
  editor    = {Walker, Marilyn and Ji, Heng and Stent, Amanda},
  year      = {2018},
  month     = jun,
  pages     = {2227--2237},
  publisher = {{Association for Computational Linguistics}},
  address   = {{New Orleans, LA}},
  doi       = {10.18653/v1/N18-1202},
  urldate   = {2023-11-20}
}

@inproceedings{Reif2019,
  title     = {Visualizing and {{Measuring}} the {{Geometry}} of {{BERT}}},
  booktitle = {Advances in {{Neural Information Processing Systems}} 32 ({{NeurIPS}} 2019)},
  author    = {Reif, Emily and Yuan, Ann and Wattenberg, Martin and Viegas, Fernanda B and Coenen, Andy and Pearce, Adam and Kim, Been},
  editor    = {Wallach, H. and Larochelle, H. and Beygelzimer, A. and {d'Alch{\'e}-Buc}, F. and Fox, E. and Garnett, R.},
  year      = {2019},
  volume    = {32},
  publisher = {{Curran Associates}},
  urldate   = {2023-11-20},
  isbn      = {978-1-71380-793-3}
}

@article{Ruder2019,
  title     = {A {{Survey}} of {{Cross-Lingual Word Embedding Models}}},
  author    = {Ruder, Sebastian and Vuli{\'c}, Ivan and S{\o}gaard, Anders},
  year      = {2019},
  month     = aug,
  journal   = {Journal of Artificial Intelligence Research},
  volume    = {65},
  pages     = {569--631},
  issn      = {1076-9757},
  doi       = {10.1613/jair.1.11640},
  urldate   = {2023-12-28},
  copyright = {Copyright (c)},
  langid    = {english}
}

@article{Srivastava2023,
  title      = {Beyond the {{Imitation Game}}: {{Quantifying}} and {{Extrapolating}} the {{Capabilities}} of {{Language Models}}},
  shorttitle = {Beyond the {{Imitation Game}}},
  author     = {Srivastava, Aarohi and Rastogi, Abhinav and Rao, Abhishek and Shoeb, Abu Awal Md and Abid, Abubakar and Fisch, Adam and Brown, Adam R. and Santoro, Adam and Gupta, Aditya and {Garriga-Alonso}, Adri{\`a} and Kluska, Agnieszka and Lewkowycz, Aitor and Agarwal, Akshat and Power, Alethea and Ray, Alex and Warstadt, Alex and Kocurek, Alexander W. and Safaya, Ali and Tazarv, Ali and Xiang, Alice and Parrish, Alicia and Nie, Allen and Hussain, Aman and Askell, Amanda and Dsouza, Amanda and Slone, Ambrose and Rahane, Ameet and Iyer, Anantharaman S. and Andreassen, Anders Johan and Madotto, Andrea and Santilli, Andrea and Stuhlm{\"u}ller, Andreas and Dai, Andrew M. and La, Andrew and Lampinen, Andrew and Zou, Andy and Jiang, Angela and Chen, Angelica and Vuong, Anh and Gupta, Animesh and Gottardi, Anna and Norelli, Antonio and Venkatesh, Anu and Gholamidavoodi, Arash and Tabassum, Arfa and Menezes, Arul and Kirubarajan, Arun and Mullokandov, Asher and Sabharwal, Ashish and Herrick, Austin and Efrat, Avia and Erdem, Aykut and Karaka{\c s}, Ayla and Roberts, B. Ryan and Loe, Bao Sheng and Zoph, Barret and Bojanowski, Bart{\l}omiej and {\"O}zyurt, Batuhan and Hedayatnia, Behnam and Neyshabur, Behnam and Inden, Benjamin and Stein, Benno and Ekmekci, Berk and Lin, Bill Yuchen and Howald, Blake and Orinion, Bryan and Diao, Cameron and Dour, Cameron and Stinson, Catherine and Argueta, Cedrick and Ferri, Cesar and Singh, Chandan and Rathkopf, Charles and Meng, Chenlin and Baral, Chitta and Wu, Chiyu and {Callison-Burch}, Chris and Waites, Christopher and Voigt, Christian and Manning, Christopher D. and Potts, Christopher and Ramirez, Cindy and Rivera, Clara E. and Siro, Clemencia and Raffel, Colin and Ashcraft, Courtney and Garbacea, Cristina and Sileo, Damien and Garrette, Dan and Hendrycks, Dan and Kilman, Dan and Roth, Dan and Freeman, C. Daniel and Khashabi, Daniel and Levy, Daniel and Gonz{\'a}lez, Daniel Mosegu{\'i} and Perszyk, Danielle and Hernandez, Danny and Chen, Danqi and Ippolito, Daphne and Gilboa, Dar and Dohan, David and Drakard, David and Jurgens, David and Datta, Debajyoti and Ganguli, Deep and Emelin, Denis and Kleyko, Denis and Yuret, Deniz and Chen, Derek and Tam, Derek and Hupkes, Dieuwke and Misra, Diganta and Buzan, Dilyar and Mollo, Dimitri Coelho and Yang, Diyi and Lee, Dong-Ho and Schrader, Dylan and Shutova, Ekaterina and Cubuk, Ekin Dogus and Segal, Elad and Hagerman, Eleanor and Barnes, Elizabeth and Donoway, Elizabeth and Pavlick, Ellie and Rodol{\`a}, Emanuele and Lam, Emma and Chu, Eric and Tang, Eric and Erdem, Erkut and Chang, Ernie and Chi, Ethan A. and Dyer, Ethan and Jerzak, Ethan and Kim, Ethan and Manyasi, Eunice Engefu and Zheltonozhskii, Evgenii and Xia, Fanyue and Siar, Fatemeh and {Mart{\'i}nez-Plumed}, Fernando and Happ{\'e}, Francesca and Chollet, Francois and Rong, Frieda and Mishra, Gaurav and Winata, Genta Indra and de Melo, Gerard and Kruszewski, Germ{\'a}n and Parascandolo, Giambattista and Mariani, Giorgio and Wang, Gloria Xinyue and {Jaimovitch-Lopez}, Gonzalo and Betz, Gregor and {Gur-Ari}, Guy and Galijasevic, Hana and Kim, Hannah and Rashkin, Hannah and Hajishirzi, Hannaneh and Mehta, Harsh and Bogar, Hayden and Shevlin, Henry Francis Anthony and Schuetze, Hinrich and Yakura, Hiromu and Zhang, Hongming and Wong, Hugh Mee and Ng, Ian and Noble, Isaac and Jumelet, Jaap and Geissinger, Jack and Kernion, Jackson and Hilton, Jacob and Lee, Jaehoon and Fisac, Jaime Fern{\'a}ndez and Simon, James B. and Koppel, James and Zheng, James and Zou, James and Kocon, Jan and Thompson, Jana and Wingfield, Janelle and Kaplan, Jared and Radom, Jarema and {Sohl-Dickstein}, Jascha and Phang, Jason and Wei, Jason and Yosinski, Jason and Novikova, Jekaterina and Bosscher, Jelle and Marsh, Jennifer and Kim, Jeremy and Taal, Jeroen and Engel, Jesse and Alabi, Jesujoba and Xu, Jiacheng and Song, Jiaming and Tang, Jillian and Waweru, Joan and Burden, John and Miller, John and Balis, John U. and Batchelder, Jonathan and Berant, Jonathan and Frohberg, J{\"o}rg and Rozen, Jos and {Hernandez-Orallo}, Jose and Boudeman, Joseph and Guerr, Joseph and Jones, Joseph and Tenenbaum, Joshua B. and Rule, Joshua S. and Chua, Joyce and Kanclerz, Kamil and Livescu, Karen and Krauth, Karl and Gopalakrishnan, Karthik and Ignatyeva, Katerina and Markert, Katja and Dhole, Kaustubh and Gimpel, Kevin and Omondi, Kevin and Mathewson, Kory Wallace and Chiafullo, Kristen and Shkaruta, Ksenia and Shridhar, Kumar and McDonell, Kyle and Richardson, Kyle and Reynolds, Laria and Gao, Leo and Zhang, Li and Dugan, Liam and Qin, Lianhui and {Contreras-Ochando}, Lidia and Morency, Louis-Philippe and Moschella, Luca and Lam, Lucas and Noble, Lucy and Schmidt, Ludwig and He, Luheng and {Oliveros-Col{\'o}n}, Luis and Metz, Luke and Senel, L{\"u}tfi Kerem and Bosma, Maarten and Sap, Maarten and Hoeve, Maartje Ter and Farooqi, Maheen and Faruqui, Manaal and Mazeika, Mantas and Baturan, Marco and Marelli, Marco and Maru, Marco and {Ramirez-Quintana}, Maria Jose and Tolkiehn, Marie and Giulianelli, Mario and Lewis, Martha and Potthast, Martin and Leavitt, Matthew L. and Hagen, Matthias and Schubert, M{\'a}ty{\'a}s and Baitemirova, Medina Orduna and Arnaud, Melody and McElrath, Melvin and Yee, Michael Andrew and Cohen, Michael and Gu, Michael and Ivanitskiy, Michael and Starritt, Michael and Strube, Michael and Sw{\k{e}}drowski, Micha{\l} and Bevilacqua, Michele and Yasunaga, Michihiro and Kale, Mihir and Cain, Mike and Xu, Mimee and Suzgun, Mirac and Walker, Mitch and Tiwari, Mo and Bansal, Mohit and Aminnaseri, Moin and Geva, Mor and Gheini, Mozhdeh and T, Mukund Varma and Peng, Nanyun and Chi, Nathan Andrew and Lee, Nayeon and Krakover, Neta Gur-Ari and Cameron, Nicholas and Roberts, Nicholas and Doiron, Nick and Martinez, Nicole and Nangia, Nikita and Deckers, Niklas and Muennighoff, Niklas and Keskar, Nitish Shirish and Iyer, Niveditha S. and Constant, Noah and Fiedel, Noah and Wen, Nuan and Zhang, Oliver and Agha, Omar and Elbaghdadi, Omar and Levy, Omer and Evans, Owain and Casares, Pablo Antonio Moreno and Doshi, Parth and Fung, Pascale and Liang, Paul Pu and Vicol, Paul and Alipoormolabashi, Pegah and Liao, Peiyuan and Liang, Percy and Chang, Peter W. and Eckersley, Peter and Htut, Phu Mon and Hwang, Pinyu and Mi{\l}kowski, Piotr and Patil, Piyush and Pezeshkpour, Pouya and Oli, Priti and Mei, Qiaozhu and Lyu, Qing and Chen, Qinlang and Banjade, Rabin and Rudolph, Rachel Etta and Gabriel, Raefer and Habacker, Rahel and Risco, Ramon and Milli{\`e}re, Rapha{\"e}l and Garg, Rhythm and Barnes, Richard and Saurous, Rif A. and Arakawa, Riku and Raymaekers, Robbe and Frank, Robert and Sikand, Rohan and Novak, Roman and Sitelew, Roman and Bras, Ronan Le and Liu, Rosanne and Jacobs, Rowan and Zhang, Rui and Salakhutdinov, Russ and Chi, Ryan Andrew and Lee, Seungjae Ryan and Stovall, Ryan and Teehan, Ryan and Yang, Rylan and Singh, Sahib and Mohammad, Saif M. and Anand, Sajant and Dillavou, Sam and Shleifer, Sam and Wiseman, Sam and Gruetter, Samuel and Bowman, Samuel R. and Schoenholz, Samuel Stern and Han, Sanghyun and Kwatra, Sanjeev and Rous, Sarah A. and Ghazarian, Sarik and Ghosh, Sayan and Casey, Sean and Bischoff, Sebastian and Gehrmann, Sebastian and Schuster, Sebastian and Sadeghi, Sepideh and Hamdan, Shadi and Zhou, Sharon and Srivastava, Shashank and Shi, Sherry and Singh, Shikhar and Asaadi, Shima and Gu, Shixiang Shane and Pachchigar, Shubh and Toshniwal, Shubham and Upadhyay, Shyam and Debnath, Shyamolima Shammie and Shakeri, Siamak and Thormeyer, Simon and Melzi, Simone and Reddy, Siva and Makini, Sneha Priscilla and Lee, Soo-Hwan and Torene, Spencer and Hatwar, Sriharsha and Dehaene, Stanislas and Divic, Stefan and Ermon, Stefano and Biderman, Stella and Lin, Stephanie and Prasad, Stephen and Piantadosi, Steven and Shieber, Stuart and Misherghi, Summer and Kiritchenko, Svetlana and Mishra, Swaroop and Linzen, Tal and Schuster, Tal and Li, Tao and Yu, Tao and Ali, Tariq and Hashimoto, Tatsunori and Wu, Te-Lin and Desbordes, Th{\'e}o and Rothschild, Theodore and Phan, Thomas and Wang, Tianle and Nkinyili, Tiberius and Schick, Timo and Kornev, Timofei and Tunduny, Titus and Gerstenberg, Tobias and Chang, Trenton and Neeraj, Trishala and Khot, Tushar and Shultz, Tyler and Shaham, Uri and Misra, Vedant and Demberg, Vera and Nyamai, Victoria and Raunak, Vikas and Ramasesh, Vinay Venkatesh and Prabhu, Vinay Uday and Padmakumar, Vishakh and Srikumar, Vivek and Fedus, William and Saunders, William and Zhang, William and Vossen, Wout and Ren, Xiang and Tong, Xiaoyu and Zhao, Xinran and Wu, Xinyi and Shen, Xudong and Yaghoobzadeh, Yadollah and Lakretz, Yair and Song, Yangqiu and Bahri, Yasaman and Choi, Yejin and Yang, Yichi and Hao, Yiding and Chen, Yifu and Belinkov, Yonatan and Hou, Yu and Hou, Yufang and Bai, Yuntao and Seid, Zachary and Zhao, Zhuoye and Wang, Zijian and Wang, Zijie J. and Wang, Zirui and Wu, Ziyi},
  year       = {2023},
  month      = may,
  journal    = {Transactions on Machine Learning Research},
  issn       = {2835-8856},
  urldate    = {2023-12-08},
  langid     = {english}
}

@article{Torregrossa2021,
  title   = {A {{Survey}} on {{Training}} and {{Evaluation}} of {{Word Embeddings}}},
  author  = {Torregrossa, Fran{\c c}ois and Allesiardo, Robin and Claveau, Vincent and Kooli, Nihel and Gravier, Guillaume},
  year    = {2021},
  month   = mar,
  journal = {International Journal of Data Science and Analytics},
  volume  = {11},
  number  = {2},
  pages   = {85--103},
  issn    = {2364-4168},
  doi     = {10.1007/s41060-021-00242-8},
  urldate = {2023-11-17},
  langid  = {english}
}

@article{Turney2010,
  title      = {From {{Frequency}} to {{Meaning}}: {{Vector Space Models}} of {{Semantics}}},
  shorttitle = {From {{Frequency}} to {{Meaning}}},
  author     = {Turney, Peter D. and Pantel, Patrick},
  year       = {2010},
  month      = jan,
  journal    = {Journal of Artificial Intelligence Research},
  volume     = {37},
  number     = {1},
  pages      = {141--188},
  issn       = {1076-9757}
}

@inproceedings{Ulcar2020,
  title     = {{{FinEst BERT}} and {{CroSloEngual BERT}}},
  booktitle = {Text, {{Speech}}, and {{Dialogue}}},
  author    = {Ul{\v c}ar, Matej and {Robnik-{\v S}ikonja}, Marko},
  editor    = {Sojka, Petr and Kope{\v c}ek, Ivan and Pala, Karel and Hor{\'a}k, Ale{\v s}},
  year      = {2020},
  month     = sep,
  series    = {Lecture {{Notes}} in {{Computer Science}}},
  pages     = {104--111},
  publisher = {{Springer Nature Switzerland}},
  address   = {{Brno, Czech Republic}},
  doi       = {10.1007/978-3-030-58323-1_11},
  isbn      = {978-3-030-58323-1},
  langid    = {english}
}

@inproceedings{Ulcar2020a,
  title     = {High {{Quality ELMo Embeddings}} for {{Seven Less-Resourced Languages}}},
  booktitle = {Proceedings of the {{Twelfth Language Resources}} and {{Evaluation Conference}}},
  author    = {Ul{\v c}ar, Matej and {Robnik-{\v S}ikonja}, Marko},
  editor    = {Calzolari, Nicoletta and B{\'e}chet, Fr{\'e}d{\'e}ric and Blache, Philippe and Choukri, Khalid and Cieri, Christopher and Declerck, Thierry and Goggi, Sara and Isahara, Hitoshi and Maegaard, Bente and Mariani, Joseph and Mazo, H{\'e}l{\`e}ne and Moreno, Asuncion and Odijk, Jan and Piperidis, Stelios},
  year      = {2020},
  month     = may,
  pages     = {4731--4738},
  publisher = {{European Language Resources Association}},
  address   = {{Marseille, France}},
  urldate   = {2023-12-18},
  isbn      = {979-10-95546-34-4},
  langid    = {english}
}

@inproceedings{Vaswani2017,
  title     = {Attention {{Is All You Need}}},
  booktitle = {Advances in {{Neural Information Processing Systems}} 30 ({{NIPS}} 2017)},
  author    = {Vaswani, Ashish and Shazeer, Noam and Parmar, Niki and Uszkoreit, Jakob and Jones, Llion and Gomez, Aidan N. and Kaiser, {\L}ukasz and Polosukhin, Illia},
  editor    = {Guyon, Isabelle and von Luxburg, Ulrike and Bengio, Samy and Wallach, Hanna M. and Fergus, Rob and Vishwanathan, S. V. N. and Garnett, Roman},
  year      = {2017},
  volume    = {30},
  pages     = {5998--6008},
  publisher = {{Curran Associates}},
  address   = {{Long Beach, CA}},
  urldate   = {2023-10-23},
  isbn      = {978-1-5108-6096-4}
}

@misc{Virtanen2019,
  title         = {Multilingual is not {{Enough}}: {{BERT}} for {{Finnish}}},
  shorttitle    = {Multilingual is not {{Enough}}},
  author        = {Virtanen, Antti and Kanerva, Jenna and Ilo, Rami and Luoma, Jouni and Luotolahti, Juhani and Salakoski, Tapio and Ginter, Filip and Pyysalo, Sampo},
  year          = {2019},
  month         = dec,
  number        = {arXiv:1912.07076},
  eprint        = {1912.07076},
  primaryclass  = {cs},
  publisher     = {{arXiv}},
  url           = {http://arxiv.org/abs/1912.07076},
  urldate       = {2023-12-14},
  archiveprefix = {arxiv}
}

@inproceedings{Westera2019,
  title     = {Don't {{Blame Distributional Semantics}} if it can't do {{Entailment}}},
  booktitle = {Proceedings of the 13th {{International Conference}} on {{Computational Semantics}} - {{Long Papers}}},
  author    = {Westera, Matthijs and Boleda, Gemma},
  editor    = {Dobnik, Simon and Chatzikyriakidis, Stergios and Demberg, Vera},
  year      = {2019},
  month     = may,
  pages     = {120--133},
  publisher = {{Association for Computational Linguistics}},
  address   = {{Gothenburg, Sweden}},
  doi       = {10.18653/v1/W19-0410},
  urldate   = {2024-01-03}
}

@inproceedings{Wolf2020a,
  title      = {Transformers: {{State-of-the-Art Natural Language Processing}}},
  shorttitle = {Transformers},
  booktitle  = {Proceedings of the 2020 {{Conference}} on {{Empirical Methods}} in {{Natural Language Processing}}: {{System Demonstrations}}},
  author     = {Wolf, Thomas and Debut, Lysandre and Sanh, Victor and Chaumond, Julien and Delangue, Clement and Moi, Anthony and Cistac, Pierric and Rault, Tim and Louf, Remi and Funtowicz, Morgan and Davison, Joe and Shleifer, Sam and {von Platen}, Patrick and Ma, Clara and Jernite, Yacine and Plu, Julien and Xu, Canwen and Le Scao, Teven and Gugger, Sylvain and Drame, Mariama and Lhoest, Quentin and Rush, Alexander},
  editor     = {Liu, Qun and Schlangen, David},
  year       = {2020},
  month      = oct,
  pages      = {38--45},
  publisher  = {{Association for Computational Linguistics}},
  address    = {{Online}},
  doi        = {10.18653/v1/2020.emnlp-demos.6},
  urldate    = {2023-12-18}
}
